


@Article{steorts15entity,
  author =       {R.~C. Steorts},
  title =        {Entity Resolution with Empirically Motivated Priors},
  journal =      {Bayesian Analysis},
  year =         {2015},
  OPTkey =       {},
  volume =       {10},
  number =       {4},
  pages =        {849--875},
  OPTmonth =     {},
  OPTnote =      {},
  OPTannote =    {}
}

@Article{steorts14smered,
  author =       {R.~C. Steorts and R. Hall and S.~E. Fienberg},
  title =        {{SMERED}: A {B}ayesian Approach to Graphical Record Linkage and De-duplication},
  journal =      {Journal of Machine Learning Research},
  year =         {2014},
  OPTkey =       {},
  volume =       {33},
  OPTnumber =    {},
  pages =        {922--930},
  OPTmonth =     {},
  OPTnote =      {},
  OPTannote =    {}
}

	

@article{kullback_1951,
  title={On information and sufficiency},
  author={Kullback, Solomon and Leibler, Richard A},
  journal={The Annals of Mathematical Statistics},
  volume={22},
  number={1},
  pages={79--86},
  year={1951},
  publisher={JSTOR}
}

@article{liseo_2011,
	Author = {Tancredi, A. and Liseo, B.},
	Date-Modified = {2013-05-31 02:33:55 +0000},
	Journal = {Annals of Applied Statistics},
	Number = {2B},
	Pages = {1553--1585},
	Title = {A hierarchical {B}ayesian approach to record linkage and population size problems},
	Volume = {5},
	Year = {2011}}
	

@article{sadinle_2014,
  title={Detecting duplicates in a homicide registry using a {B}ayesian partitioning approach},
  author={Sadinle, Mauricio},
  journal={The Annals of Applied Statistics},
  volume={8},
  number={4},
  pages={2404--2434},
  year={2014},
  publisher={Institute of Mathematical Statistics}
}	



@inproceedings{zanella2016microclustering,
  title={Flexible Models for Microclustering with Application to Entity Resolution},
  author={Zanella, Giacomo and Betancourt, Brenda and Miller, Jeffrey W and Wallach, Hanna and Zaidi, Abbas and Steorts, Rebecca},
  booktitle={Advances in Neural Information Processing Systems},
  pages={1417--1425},
  year={2016}
}



@BOOK{pitman,
  title={Combinatorial Stochastic Processes: Ecole D'Et{\'e} de Probabilit{\'e}s de Saint-Flour XXXII-2002},
  author={Pitman, Jim},
  pages = {25--26},
  year={2006},
  publisher={Springer}
}

